% Este archivo es parte de la memoria del proyecto fin de carrera
% de Manuel López Urbina. Protegida bajo la licencia GFDL.
% Para más información, la licencia completa viene incluida en el
% fichero fdl-1.3.tex
% Fuente tomada de la plantilla LaTeX para
% la realización de Proyectos Final de Carrera de Pablo Recio Quijano.
% Copyright (C) 2009 Pablo Recio Quijano

% Copyright (C) 2012 Manuel López Urbina


@book{opencvbook,
author = "Gary Bradski. Adrian Kaehler",
title = "Learning OpenCV Computer Vision with the OpenCV Library",
publisher = "O'Reilly Media",
year = "2008"
}

@MISC{website:srvcontrol,
AUTHOR = "John Cummins. M.P. Azhar.Sklar.",
title ="{Surveyor Robot Software 1}",
HOWPUBLISHED = "\url{http://agents.sci.brooklyn.cuny.edu/robotics.edu/bcsoftware.php}"
}

@MISC{website:srv,
AUTHOR = " ",
title ="{Surveyor Corporation}",
HOWPUBLISHED = "\url{http://www.surveyor.com/SRV_info.html}"
}

@MISC{website:qt,
AUTHOR = " ",
title ="{Qt Reference Documentation}",
HOWPUBLISHED = "\url{
http://doc.qt.nokia.com/4.7-snapshot/designer-manual.html}"
}


@MISC{website:opencv,
AUTHOR = " ",
title ="{Reference of OpenCV Language Library}",
HOWPUBLISHED = "\url{http://docs.opencv.org/}"
}


@book{fundamentos,
author = "Francisco Palomo Lozano. Inmaculada Medina Bulo. Gerardo Aburruzaga García.",
title = "Fundamentos de C++.",
publisher = "Servicio de Publicaciones de la Universidad de Cádiz",
year = "2006"
}


@MISC{website:free1,
AUTHOR = "{Gerardo Aburruzaga García}",
title ="{Make. Un programa para controlar la recompilación}",
HOWPUBLISHED = "\url{http://www.uca.es/softwarelibre/publicaciones/make.pdf}"
}

@MISC{website:free2,
AUTHOR = "{Wikibooks}",
title = "{The Book of LaTeX}",
HOWPUBLISHED = "\url{http://en.wikibooks.org/wiki/LaTeX}"
}


@MISC{website:iris,
AUTHOR = " ",
title ="{Forja rediris}",
HOWPUBLISHED = "\url{https://forja.rediris.es/}"
}

@book{librosvn,
author = "Ben Collins-Sussman. Brian W. Fitzpatrick. C. Michael Pilato",
title = "Control de versiones con Subversion",
publisher = " O'Reilly Media",
year = "2006"
}

@MISC{website:metrica,
AUTHOR = " ",
title ="{Métrica v3}",
HOWPUBLISHED = "\url{http://www.csi.map.es/csi/metrica3}"
}

